@online{BMPdoc100req,
  title = {Requirements for measurement of biochemical methane potential (BMP). {Standard} {BMP} {Methods} document 100, version 1.3.},
  url = {https://www.dbfz.de/en/BMP},
  urldate = {2020-04-19},
  author = {Holliger, Christof and Fruteau de Laclos, H{\'e}l{\`e}ne and Hafner, Sasha D. and Koch, Konrad and Weinrich, S{\"o}ren and Astals, Sergi and Alves, Madalena and Andrade, Diana and Angelidaki, Irini and Appels, Lise and Azman, Samet and Baier, Urs and Fernandez, Yadira Bajon and Bartacek, Jan and Battista, Federico and Bolzonella, David and Bougrier, Claire and Braguglia, Camilla and Buffi{\`e}re, Pierre and Carballa, Marta and Catenacci, Arianna and Dandikas, Vasilis and de Wilde, Fabian and Ekwe, Sylvanus and Ficara, Elena and Fotidis, Ioannis and Frigon, Jean-Claude and Heerenklage, Joern and Jenicek, Pavel and Krautwald, Judith and Lindeboom, Ralph and Liu, Jing and Lizasoain, Javier and Marchetti, Rosa and Moulan, Florian and Nistor, Mihaela and Oechsner, Hans and Oliveira, Jo{\~a}o V{\'i}tor and Pauss, Andr{\'e} and Pommier, S{\'e}bastien and Raposo, Francisco and Ribeiro, Thierry and Schaum, Christian and Schuman, Els and Schwede, Sebastian and Soldano, Mariangela and Taboada, Anton and Torrijos, Michel and van Eekert, Miriam and van Lier, Jules and Wierinck, Isabella},
  year = {2020},
  keywords = {Standard BMP Methods}
}

@online{BMPdoc200BMP,
  title = {Calculation of {Biochemical} {Methane} {Potential} {(BMP)}. {Standard} {BMP} {Methods} document 200, version 1.6.},
  url = {https://www.dbfz.de/en/BMP},
  urldate = {2020-04-19},
  author = {Hafner, Sasha D. and Astals, Sergi and Holliger, Christof and Koch, Konrad and Weinrich, S{\"o}ren},
  year = {2020}
}

@online{BMPdoc201vol,
  title = {Calculation of {Methane} {Production} from {Volumetric} {Measurements}. {Standard} {BMP} {Methods} document 201, version 1.7.},
  url = {https://www.dbfz.de/en/BMP},
  urldate = {2020-04-21},
  author = {Hafner, Sasha D. and L\o jborg, Nanna and Astals, Sergi and Holliger, Christof and Koch, Konrad and Weinrich, S{\"o}ren},
  year = {2020}
}

@online{BMPdoc202man,
  title = {Calculation of {Methane} {Production} from {Manometric} {Measurements}. {Standard} {BMP} {Methods} document 202, version 2.5.},
  url = {https://www.dbfz.de/en/BMP},
  urldate = {2020-04-19},
  author = {Hafner, Sasha D. and Astals, Sergi and Buffiere, Pierre and L{\o}jborg, Nanna and Holliger, Christof and Koch, Konrad and Weinrich, S{\"o}ren},
  year = {2020},
  keywords = {Standard BMP Methods}
}

@online{BMPdoc203grav,
  title = {Calculation of {Methane} {Production} from {Gravimetric} {Measurements}. {Standard} {BMP} {Methods} document 203, version 1.0.},
  url = {https://www.dbfz.de/en/BMP},
  urldate = {2020-04-19},
  author = {Hafner, Sasha D. and Richards, Brian K. and Astals, Sergi and Holliger, Christof and Koch, Konrad and Weinrich, S{\"o}ren},
  year = {2020},
  keywords = {Standard BMP Methods}
}

@online{BMPdoc204gasdens,
  title = {Calculation of {Methane} {Production} from {Gas} {Density-Based} {Measurements}. {Standard} {BMP} {Methods} document 203, version 1.5.},
  url = {https://www.dbfz.de/en/BMP},
  urldate = {2020-04-19},
  author = {Hafner, Sasha D. and Justesen, Camilla and Thorsen, Rasmus and Astals, Sergi and Holliger, Christof and Koch, Konrad and Weinrich, S{\"o}ren},
  year = {2020},
  keywords = {Standard BMP Methods}
}


